% Encoding: UTF-8

@BOOK{Brooks,
  title = {Introductory Econometrics for Finance},
  publisher = {Cambridge: Cambridge University Press},
  year = {2014},
  author = {Chris Brooks}
}

@ARTICLE{Engle,
  author = {Engle, R. F., and Granger, C. W.},
  title = {Co-integration and error correction: representation, estimation,
	and testing},
  journal = {Econometrica},
  year = {1987},
  pages = {251-276}
}

@MastersThesis{Fulan2014,
  author =       {Fulan bin Fulan},
  title =        {{A}nalisis {K}uantitatif {R}isiko {O}perasional {M}enggunakan {EVT} ({Extreme Value Theorem})},
  school =       {Magister Manajemen, Fakultas Ekonomi dan Bisnis, Universitas Indonesia},
  year =         {2014},
  howpublished = {Karya Akhir MM FEBUI, tidak dipublikasikan},
  journal =      {MM-FEUI}

}

@PHDTHESIS{Gensowski2013,
  author = {Miriam Gensowski},
  title = {Skills, Education, and Lifetime Earnings},
  school = {Chicago: The University of Chicago},
  year = {2013}
}

@ARTICLE{Granger,
  author = {Engle, R. F. and Granger, C. W.},
  title = {Investigating causal relations by econometric models and cross-spectral
	methods},
  journal = {Econometrica},
  year = {1986},
  pages = {424-438}
}

@INCOLLECTION{Hayashi1987,
  author = {Fumio Hayashi},
  title = {Tests for Liquidity Constraints: A Critical Survey and Some New Observations},
  booktitle = {Advances in Econometrics: Fifth World Congress},
  publisher = {New York: Cambridge University Press},
  year = {1987},
  editor = {Truman F. Bewley},
  volume = {II},
  pages = {91-120},
  institution = {National Bureau of Economic Research, Inc}
}

@TECHREPORT{Hermanto2009,
  author = {Bambang Hermanto and A. Zamin Ali and Ratna Derina and Anna A. Agus
	and Sigit S. Wibowo},
  title = {Social Security Policy Rejuvenation through Accelerated Growth in
	the Micro-Insurance Industry},
  institution = {The Australian National University},
  year = {2009},
  type = {{AIGRP} {P}olicy {B}rief},
  address = {Canberra},
  note = {http://dx.doi.org/10.2139/ssrn.1679642},
  url = {http://dx.doi.org/10.2139/ssrn.1679642}
}

@ARTICLE{Jegadeesh1993,
  author = {Narasimhan Jegadeesh and Sheridan Titman},
  title = {Returns to Buying Winners and Selling Losers: Implications for Stock
	Market Efficiency},
  journal = {The Journal of Finance},
  year = {1993},
  volume = {48},
  pages = {65--91},
  number = {1},
  doi = {10.1111/j.1540-6261.1993.tb04702.x},
  issn = {1540-6261},
  publisher = {Blackwell Publishing Ltd},
  url = {http://dx.doi.org/10.1111/j.1540-6261.1993.tb04702.x}
}

@ARTICLE{Nance,
  author = {Nance, D. R. and Smith, C. W. and Smithson, C. W.},
  title = {On the determinants of corporate hedging},
  journal = {The Journal of Finance},
  year = {1993},
  volume = {48},
  pages = {267-284},
  number = {1}
}

@BOOK{Ross2005,
  title = {Neoclassical Finance},
  publisher = {Princeton University Press},
  year = {2005},
  author = {Stephen A. Ross},
  address = {New Jersey},
  url = {pup.princeton.edu}
}

@InCollection{Takyi2012,
  author =    {Takyi, Augustine and Gyaase, Patrick Ohemeng},
  title =     {Enhancing Security of Online Payments: A Conceptual Model for a Robust E-Payment Protocol for E-Commerce},
  booktitle = {Contemporary Research on E-business Technology and Strategy: International Conference, iCETS 2012},
  publisher = {Springer Verlag},
  year =      {2012},
  editor =    {Khachidze, Vasil and Wang, Tim and Siddiqui, Sohail and Liu, Vincent and Cappuccio, Sergio and Lim, Alicia},
  pages =     {232--239},
  address =   {Berlin},
  doi =       {10.1007/978-3-642-34447-3_21},
  isbn =      {978-3-642-34447-3},
  url =       {http://dx.doi.org/10.1007/978-3-642-34447-3_21}
}

@ARTICLE{Wang,
  author = {Wang, Y. and Wu, C. and Yang, L. },
  title = {Oil price shocks and stock market activities: Evidence from oil-importing
	and oil-exporting countries},
  journal = {Journal of Comparative Economics},
  year = {2013},
  volume = {41},
  pages = {1220-1239},
  number = {4}
}

@Misc{wbid2010,
  author =       {{World Bank}},
  title =        {Indonesia: {P}embiayaan {P}endidikan {T}inggi},
  howpublished = {Naskah Kebijakan 5895},
  year =         {2010},
  note =         {Diakses dari \url{http://datatopics.worldbank.org/hnp/files/edstats/IDNbr10g.pdf}},
  institution =  {World Bank},
  url =          {http://datatopics.worldbank.org/hnp/files/edstats/IDNbr10g.pdf}
}

@Comment{jabref-meta: databaseType:bibtex;}
